<record><leader>00000cas a2200000 a 4500</leader><controlfield tag="001">9572784</controlfield><controlfield tag="008">830603d19701997wyuwr ne     f0   a0eng c</controlfield><datafield ind1=" " ind2=" " tag="010"><subfield code="a">sn2004058029</subfield></datafield><datafield ind1=" " ind2=" " tag="040"><subfield code="a">WIH</subfield><subfield code="b">eng</subfield><subfield code="c">WIH</subfield><subfield code="d">OCL</subfield><subfield code="d">WIH</subfield><subfield code="d">OCLCQ</subfield><subfield code="d">WYU</subfield><subfield code="d">DLC</subfield><subfield code="d">OCLCQ</subfield><subfield code="d">OCLCF</subfield><subfield code="d">OCLCO</subfield></datafield><datafield ind1="1" ind2=" " tag="029"><subfield code="a">AU@</subfield><subfield code="b">000025992219</subfield></datafield><datafield ind1=" " ind2=" " tag="042"><subfield code="a">pcc</subfield></datafield><datafield ind1=" " ind2=" " tag="043"><subfield code="a">n-us-wy</subfield></datafield><datafield ind1="0" ind2=" " tag="130"><subfield code="a">Sentinel (Cheyenne, Wyo.)</subfield></datafield><datafield ind1="1" ind2="4" tag="245"><subfield code="a">The sentinel.</subfield></datafield><datafield ind1=" " ind2=" " tag="260"><subfield code="a">Cheyenne, Wyo. :</subfield><subfield code="b">Star Publications</subfield></datafield><datafield ind1=" " ind2=" " tag="300"><subfield code="a">v. :</subfield><subfield code="b">ill. ;</subfield><subfield code="c">43 cm.</subfield></datafield><datafield ind1=" " ind2=" " tag="310"><subfield code="a">Weekly</subfield></datafield><datafield ind1="0" ind2=" " tag="362"><subfield code="a">Vol. 29, no. 31 (July 31, 1970)-v. 56, issue 43 (Oct. 31, 1997).</subfield></datafield><datafield ind1=" " ind2=" " tag="515"><subfield code="a">Not published the last week of the year.</subfield></datafield><datafield ind1=" " ind2=" " tag="521"><subfield code="a">Personnel at Francis E. Warren AFB, Wyo., of the Strategic Air Command.</subfield></datafield><datafield ind1=" " ind2=" " tag="530"><subfield code="a">Available on microfilm from the State Historical Society of Wisconsin and the Wyoming State Archives.</subfield></datafield><datafield ind1=" " ind2="0" tag="650"><subfield code="a">Air bases</subfield><subfield code="z">Wyoming</subfield><subfield code="z">Cheyenne</subfield><subfield code="v">Newspapers.</subfield></datafield><datafield ind1=" " ind2="0" tag="651"><subfield code="a">F.E. Warren Air Force Base (Wyo.)</subfield><subfield code="v">Newspapers.</subfield></datafield><datafield ind1=" " ind2="7" tag="655"><subfield code="a">Newspapers.</subfield><subfield code="2">fast</subfield><subfield code="0">(OCoLC)fst01423814</subfield></datafield><datafield ind1=" " ind2="7" tag="650"><subfield code="a">Air bases.</subfield><subfield code="2">fast</subfield><subfield code="0">(OCoLC)fst00802224</subfield></datafield><datafield ind1=" " ind2="7" tag="651"><subfield code="a">Wyoming</subfield><subfield code="z">Cheyenne.</subfield><subfield code="2">fast</subfield><subfield code="0">(OCoLC)fst01207517</subfield></datafield><datafield ind1=" " ind2="7" tag="651"><subfield code="a">Wyoming</subfield><subfield code="z">F.E. Warren Air Force Base.</subfield><subfield code="2">fast</subfield><subfield code="0">(OCoLC)fst01231178</subfield></datafield><datafield ind1="1" ind2=" " tag="710"><subfield code="a">United States.</subfield><subfield code="b">Air Force.</subfield><subfield code="b">Strategic Air Command.</subfield></datafield><datafield ind1=" " ind2=" " tag="752"><subfield code="a">United States</subfield><subfield code="b">Wyoming</subfield><subfield code="c">Laramie</subfield><subfield code="d">Cheyenne.</subfield></datafield><datafield ind1="0" ind2="0" tag="780"><subfield code="t">Warren sentinel (Cheyenne, Wyo. : 1949)</subfield><subfield code="w">(DLC)sn 92066915</subfield><subfield code="w">(OCoLC)25125105</subfield></datafield><datafield ind1="0" ind2="0" tag="785"><subfield code="t">Warren sentinel (Cheyenne, Wyo. : 1997)</subfield><subfield code="w">(DLC)sn2004058030</subfield><subfield code="w">(OCoLC)46872741</subfield></datafield></record>